@misc{DryTooling.jl,
	author  = {Walter Dal'Maz Silva <walter.dalmazsilva.manager@gmail.com> & contributors},
	title   = {DryTooling.jl},
	url     = {https://github.com/wallytutor/DryTooling.jl},
	version = {v0.1.0-DEV},
	year    = {2023},
	month   = {8}
}
